@book{peterson2007computer,
  title={Computer networks: a systems approach},
  author={Peterson, Larry L and Davie, Bruce S},
  year={2007},
  publisher={Elsevier}
}
